% This file was created with JabRef 2.8.1.
% Encoding: Cp1252

@article{trigila2015dissesto,
	title ={Dissesto idrogeologico in Italia: pericolosit{\`a} e indicatori di rischio},
	author={Trigila, A and Iadanza, C and Bussettini, M and Lastoria, B and Barbano, A},
	journal={Rapporto},
	volume={233},
	pages={2015},
	year={2015}
}